%YAML 1.1
%TAG !u! tag:unity3d.com,2011:
--- !u!1 &1805830299019823465
GameObject:
  m_ObjectHideFlags: 0
  m_CorrespondingSourceObject: {fileID: 0}
  m_PrefabInstance: {fileID: 0}
  m_PrefabAsset: {fileID: 0}
  serializedVersion: 6
  m_Component:
  - component: {fileID: 3612195988696185371}
  m_Layer: 9
  m_Name: Model
  m_TagString: Ball
  m_Icon: {fileID: 0}
  m_NavMeshLayer: 0
  m_StaticEditorFlags: 0
  m_IsActive: 1
--- !u!4 &3612195988696185371
Transform:
  m_ObjectHideFlags: 0
  m_CorrespondingSourceObject: {fileID: 0}
  m_PrefabInstance: {fileID: 0}
  m_PrefabAsset: {fileID: 0}
  m_GameObject: {fileID: 1805830299019823465}
  serializedVersion: 2
  m_LocalRotation: {x: 0, y: 0, z: 0, w: 1}
  m_LocalPosition: {x: 0, y: 0, z: 0}
  m_LocalScale: {x: 1, y: 1, z: 1}
  m_ConstrainProportionsScale: 0
  m_Children:
  - {fileID: 2887992755247316125}
  m_Father: {fileID: 8273999227938199665}
  m_LocalEulerAnglesHint: {x: 0, y: 0, z: 0}
--- !u!1 &2874118039668956175
GameObject:
  m_ObjectHideFlags: 0
  m_CorrespondingSourceObject: {fileID: 0}
  m_PrefabInstance: {fileID: 0}
  m_PrefabAsset: {fileID: 0}
  serializedVersion: 6
  m_Component:
  - component: {fileID: 8273999227938199665}
  - component: {fileID: 7320489116791767113}
  - component: {fileID: 574194923853278434}
  - component: {fileID: 6712023444041957112}
  - component: {fileID: 8238022886432385774}
  - component: {fileID: 8225989658472530850}
  - component: {fileID: 6192933460714333718}
  m_Layer: 9
  m_Name: Ball
  m_TagString: Ball
  m_Icon: {fileID: 0}
  m_NavMeshLayer: 0
  m_StaticEditorFlags: 0
  m_IsActive: 1
--- !u!4 &8273999227938199665
Transform:
  m_ObjectHideFlags: 0
  m_CorrespondingSourceObject: {fileID: 0}
  m_PrefabInstance: {fileID: 0}
  m_PrefabAsset: {fileID: 0}
  m_GameObject: {fileID: 2874118039668956175}
  serializedVersion: 2
  m_LocalRotation: {x: 0, y: 0, z: 0, w: 1}
  m_LocalPosition: {x: 1.54, y: 0.5895, z: 0}
  m_LocalScale: {x: 0.6521425, y: 0.650251, z: 0.2434}
  m_ConstrainProportionsScale: 0
  m_Children:
  - {fileID: 6382021707817776519}
  - {fileID: 3612195988696185371}
  - {fileID: 1037695180242047976}
  m_Father: {fileID: 0}
  m_LocalEulerAnglesHint: {x: 0, y: 0, z: 0}
--- !u!212 &7320489116791767113
SpriteRenderer:
  m_ObjectHideFlags: 0
  m_CorrespondingSourceObject: {fileID: 0}
  m_PrefabInstance: {fileID: 0}
  m_PrefabAsset: {fileID: 0}
  m_GameObject: {fileID: 2874118039668956175}
  m_Enabled: 0
  m_CastShadows: 0
  m_ReceiveShadows: 0
  m_DynamicOccludee: 1
  m_StaticShadowCaster: 0
  m_MotionVectors: 1
  m_LightProbeUsage: 1
  m_ReflectionProbeUsage: 1
  m_RayTracingMode: 0
  m_RayTraceProcedural: 0
  m_RenderingLayerMask: 1
  m_RendererPriority: 0
  m_Materials:
  - {fileID: 10754, guid: 0000000000000000f000000000000000, type: 0}
  m_StaticBatchInfo:
    firstSubMesh: 0
    subMeshCount: 0
  m_StaticBatchRoot: {fileID: 0}
  m_ProbeAnchor: {fileID: 0}
  m_LightProbeVolumeOverride: {fileID: 0}
  m_ScaleInLightmap: 1
  m_ReceiveGI: 1
  m_PreserveUVs: 0
  m_IgnoreNormalsForChartDetection: 0
  m_ImportantGI: 0
  m_StitchLightmapSeams: 1
  m_SelectedEditorRenderState: 0
  m_MinimumChartSize: 4
  m_AutoUVMaxDistance: 0.5
  m_AutoUVMaxAngle: 89
  m_LightmapParameters: {fileID: 0}
  m_SortingLayerID: 0
  m_SortingLayer: 0
  m_SortingOrder: 0
  m_Sprite: {fileID: -2413806693520163455, guid: a86470a33a6bf42c4b3595704624658b, type: 3}
  m_Color: {r: 0.87169814, g: 0.18914193, b: 0.18914193, a: 1}
  m_FlipX: 0
  m_FlipY: 0
  m_DrawMode: 0
  m_Size: {x: 1, y: 1}
  m_AdaptiveModeThreshold: 0.5
  m_SpriteTileMode: 0
  m_WasSpriteAssigned: 1
  m_MaskInteraction: 0
  m_SpriteSortPoint: 0
--- !u!50 &574194923853278434
Rigidbody2D:
  serializedVersion: 4
  m_ObjectHideFlags: 0
  m_CorrespondingSourceObject: {fileID: 0}
  m_PrefabInstance: {fileID: 0}
  m_PrefabAsset: {fileID: 0}
  m_GameObject: {fileID: 2874118039668956175}
  m_BodyType: 0
  m_Simulated: 1
  m_UseFullKinematicContacts: 0
  m_UseAutoMass: 0
  m_Mass: 0.0001
  m_LinearDrag: 0
  m_AngularDrag: 0.05
  m_GravityScale: 1
  m_Material: {fileID: 0}
  m_IncludeLayers:
    serializedVersion: 2
    m_Bits: 0
  m_ExcludeLayers:
    serializedVersion: 2
    m_Bits: 0
  m_Interpolate: 0
  m_SleepingMode: 1
  m_CollisionDetection: 1
  m_Constraints: 0
--- !u!58 &6712023444041957112
CircleCollider2D:
  m_ObjectHideFlags: 0
  m_CorrespondingSourceObject: {fileID: 0}
  m_PrefabInstance: {fileID: 0}
  m_PrefabAsset: {fileID: 0}
  m_GameObject: {fileID: 2874118039668956175}
  m_Enabled: 1
  m_Density: 1
  m_Material: {fileID: 6200000, guid: 38d4db003d89a0840840cd5c98732e7e, type: 2}
  m_IncludeLayers:
    serializedVersion: 2
    m_Bits: 0
  m_ExcludeLayers:
    serializedVersion: 2
    m_Bits: 0
  m_LayerOverridePriority: 0
  m_ForceSendLayers:
    serializedVersion: 2
    m_Bits: 4294967295
  m_ForceReceiveLayers:
    serializedVersion: 2
    m_Bits: 4294967295
  m_ContactCaptureLayers:
    serializedVersion: 2
    m_Bits: 4294967295
  m_CallbackLayers:
    serializedVersion: 2
    m_Bits: 4294967295
  m_IsTrigger: 0
  m_UsedByEffector: 0
  m_UsedByComposite: 0
  m_Offset: {x: 0, y: 0}
  serializedVersion: 2
  m_Radius: 0.5
--- !u!114 &8238022886432385774
MonoBehaviour:
  m_ObjectHideFlags: 0
  m_CorrespondingSourceObject: {fileID: 0}
  m_PrefabInstance: {fileID: 0}
  m_PrefabAsset: {fileID: 0}
  m_GameObject: {fileID: 2874118039668956175}
  m_Enabled: 1
  m_EditorHideFlags: 0
  m_Script: {fileID: 11500000, guid: f31153889d037a640af8023052b306fc, type: 3}
  m_Name: 
  m_EditorClassIdentifier: 
  touchSound: {fileID: 8225989658472530850}
  touchSoundElectric: {fileID: 6192933460714333718}
--- !u!82 &8225989658472530850
AudioSource:
  m_ObjectHideFlags: 0
  m_CorrespondingSourceObject: {fileID: 0}
  m_PrefabInstance: {fileID: 0}
  m_PrefabAsset: {fileID: 0}
  m_GameObject: {fileID: 2874118039668956175}
  m_Enabled: 1
  serializedVersion: 4
  OutputAudioMixerGroup: {fileID: 0}
  m_audioClip: {fileID: 8300000, guid: d9dfdad4b510dd24b8ac961f629d1875, type: 3}
  m_PlayOnAwake: 0
  m_Volume: 1
  m_Pitch: 1
  Loop: 0
  Mute: 0
  Spatialize: 0
  SpatializePostEffects: 0
  Priority: 128
  DopplerLevel: 1
  MinDistance: 1
  MaxDistance: 500
  Pan2D: 0
  rolloffMode: 0
  BypassEffects: 0
  BypassListenerEffects: 0
  BypassReverbZones: 0
  rolloffCustomCurve:
    serializedVersion: 2
    m_Curve:
    - serializedVersion: 3
      time: 0
      value: 1
      inSlope: 0
      outSlope: 0
      tangentMode: 0
      weightedMode: 0
      inWeight: 0.33333334
      outWeight: 0.33333334
    - serializedVersion: 3
      time: 1
      value: 0
      inSlope: 0
      outSlope: 0
      tangentMode: 0
      weightedMode: 0
      inWeight: 0.33333334
      outWeight: 0.33333334
    m_PreInfinity: 2
    m_PostInfinity: 2
    m_RotationOrder: 4
  panLevelCustomCurve:
    serializedVersion: 2
    m_Curve:
    - serializedVersion: 3
      time: 0
      value: 0
      inSlope: 0
      outSlope: 0
      tangentMode: 0
      weightedMode: 0
      inWeight: 0.33333334
      outWeight: 0.33333334
    m_PreInfinity: 2
    m_PostInfinity: 2
    m_RotationOrder: 4
  spreadCustomCurve:
    serializedVersion: 2
    m_Curve:
    - serializedVersion: 3
      time: 0
      value: 0
      inSlope: 0
      outSlope: 0
      tangentMode: 0
      weightedMode: 0
      inWeight: 0.33333334
      outWeight: 0.33333334
    m_PreInfinity: 2
    m_PostInfinity: 2
    m_RotationOrder: 4
  reverbZoneMixCustomCurve:
    serializedVersion: 2
    m_Curve:
    - serializedVersion: 3
      time: 0
      value: 1
      inSlope: 0
      outSlope: 0
      tangentMode: 0
      weightedMode: 0
      inWeight: 0.33333334
      outWeight: 0.33333334
    m_PreInfinity: 2
    m_PostInfinity: 2
    m_RotationOrder: 4
--- !u!82 &6192933460714333718
AudioSource:
  m_ObjectHideFlags: 0
  m_CorrespondingSourceObject: {fileID: 0}
  m_PrefabInstance: {fileID: 0}
  m_PrefabAsset: {fileID: 0}
  m_GameObject: {fileID: 2874118039668956175}
  m_Enabled: 1
  serializedVersion: 4
  OutputAudioMixerGroup: {fileID: 0}
  m_audioClip: {fileID: 8300000, guid: d110d5d3342c5ef4d9c57ba6586df178, type: 3}
  m_PlayOnAwake: 0
  m_Volume: 1
  m_Pitch: 1
  Loop: 0
  Mute: 0
  Spatialize: 0
  SpatializePostEffects: 0
  Priority: 128
  DopplerLevel: 1
  MinDistance: 1
  MaxDistance: 500
  Pan2D: 0
  rolloffMode: 0
  BypassEffects: 0
  BypassListenerEffects: 0
  BypassReverbZones: 0
  rolloffCustomCurve:
    serializedVersion: 2
    m_Curve:
    - serializedVersion: 3
      time: 0
      value: 1
      inSlope: 0
      outSlope: 0
      tangentMode: 0
      weightedMode: 0
      inWeight: 0.33333334
      outWeight: 0.33333334
    - serializedVersion: 3
      time: 1
      value: 0
      inSlope: 0
      outSlope: 0
      tangentMode: 0
      weightedMode: 0
      inWeight: 0.33333334
      outWeight: 0.33333334
    m_PreInfinity: 2
    m_PostInfinity: 2
    m_RotationOrder: 4
  panLevelCustomCurve:
    serializedVersion: 2
    m_Curve:
    - serializedVersion: 3
      time: 0
      value: 0
      inSlope: 0
      outSlope: 0
      tangentMode: 0
      weightedMode: 0
      inWeight: 0.33333334
      outWeight: 0.33333334
    m_PreInfinity: 2
    m_PostInfinity: 2
    m_RotationOrder: 4
  spreadCustomCurve:
    serializedVersion: 2
    m_Curve:
    - serializedVersion: 3
      time: 0
      value: 0
      inSlope: 0
      outSlope: 0
      tangentMode: 0
      weightedMode: 0
      inWeight: 0.33333334
      outWeight: 0.33333334
    m_PreInfinity: 2
    m_PostInfinity: 2
    m_RotationOrder: 4
  reverbZoneMixCustomCurve:
    serializedVersion: 2
    m_Curve:
    - serializedVersion: 3
      time: 0
      value: 1
      inSlope: 0
      outSlope: 0
      tangentMode: 0
      weightedMode: 0
      inWeight: 0.33333334
      outWeight: 0.33333334
    m_PreInfinity: 2
    m_PostInfinity: 2
    m_RotationOrder: 4
--- !u!1001 &2887992755247437257
PrefabInstance:
  m_ObjectHideFlags: 0
  serializedVersion: 2
  m_Modification:
    serializedVersion: 3
    m_TransformParent: {fileID: 3612195988696185371}
    m_Modifications:
    - target: {fileID: 169952, guid: a8db70ed00a022d4ca7f82df02fbc4fb, type: 3}
      propertyPath: m_Name
      value: Sphere_16_extended
      objectReference: {fileID: 0}
    - target: {fileID: 169952, guid: a8db70ed00a022d4ca7f82df02fbc4fb, type: 3}
      propertyPath: m_Layer
      value: 9
      objectReference: {fileID: 0}
    - target: {fileID: 169952, guid: a8db70ed00a022d4ca7f82df02fbc4fb, type: 3}
      propertyPath: m_TagString
      value: Ball
      objectReference: {fileID: 0}
    - target: {fileID: 403796, guid: a8db70ed00a022d4ca7f82df02fbc4fb, type: 3}
      propertyPath: m_LocalScale.x
      value: 0.50661784
      objectReference: {fileID: 0}
    - target: {fileID: 403796, guid: a8db70ed00a022d4ca7f82df02fbc4fb, type: 3}
      propertyPath: m_LocalScale.y
      value: 0.47759625
      objectReference: {fileID: 0}
    - target: {fileID: 403796, guid: a8db70ed00a022d4ca7f82df02fbc4fb, type: 3}
      propertyPath: m_LocalPosition.x
      value: 0.007
      objectReference: {fileID: 0}
    - target: {fileID: 403796, guid: a8db70ed00a022d4ca7f82df02fbc4fb, type: 3}
      propertyPath: m_LocalPosition.y
      value: -0.481
      objectReference: {fileID: 0}
    - target: {fileID: 403796, guid: a8db70ed00a022d4ca7f82df02fbc4fb, type: 3}
      propertyPath: m_LocalPosition.z
      value: 0
      objectReference: {fileID: 0}
    - target: {fileID: 403796, guid: a8db70ed00a022d4ca7f82df02fbc4fb, type: 3}
      propertyPath: m_LocalRotation.w
      value: 1
      objectReference: {fileID: 0}
    - target: {fileID: 403796, guid: a8db70ed00a022d4ca7f82df02fbc4fb, type: 3}
      propertyPath: m_LocalRotation.x
      value: 0
      objectReference: {fileID: 0}
    - target: {fileID: 403796, guid: a8db70ed00a022d4ca7f82df02fbc4fb, type: 3}
      propertyPath: m_LocalRotation.y
      value: 0
      objectReference: {fileID: 0}
    - target: {fileID: 403796, guid: a8db70ed00a022d4ca7f82df02fbc4fb, type: 3}
      propertyPath: m_LocalRotation.z
      value: 0
      objectReference: {fileID: 0}
    - target: {fileID: 403796, guid: a8db70ed00a022d4ca7f82df02fbc4fb, type: 3}
      propertyPath: m_LocalEulerAnglesHint.x
      value: 0
      objectReference: {fileID: 0}
    - target: {fileID: 403796, guid: a8db70ed00a022d4ca7f82df02fbc4fb, type: 3}
      propertyPath: m_LocalEulerAnglesHint.y
      value: 0
      objectReference: {fileID: 0}
    - target: {fileID: 403796, guid: a8db70ed00a022d4ca7f82df02fbc4fb, type: 3}
      propertyPath: m_LocalEulerAnglesHint.z
      value: 0
      objectReference: {fileID: 0}
    m_RemovedComponents:
    - {fileID: 13597906, guid: a8db70ed00a022d4ca7f82df02fbc4fb, type: 3}
    m_RemovedGameObjects: []
    m_AddedGameObjects: []
    m_AddedComponents: []
  m_SourcePrefab: {fileID: 100100000, guid: a8db70ed00a022d4ca7f82df02fbc4fb, type: 3}
--- !u!4 &2887992755247316125 stripped
Transform:
  m_CorrespondingSourceObject: {fileID: 403796, guid: a8db70ed00a022d4ca7f82df02fbc4fb, type: 3}
  m_PrefabInstance: {fileID: 2887992755247437257}
  m_PrefabAsset: {fileID: 0}
--- !u!1001 &6145853569543809730
PrefabInstance:
  m_ObjectHideFlags: 0
  serializedVersion: 2
  m_Modification:
    serializedVersion: 3
    m_TransformParent: {fileID: 8273999227938199665}
    m_Modifications:
    - target: {fileID: 954362240942336371, guid: 3af0348c5a8811a409ab53badf23e648, type: 3}
      propertyPath: m_Size.x
      value: 1.8202641
      objectReference: {fileID: 0}
    - target: {fileID: 954362240942336371, guid: 3af0348c5a8811a409ab53badf23e648, type: 3}
      propertyPath: m_Offset.x
      value: -0.038075954
      objectReference: {fileID: 0}
    - target: {fileID: 998404577591484229, guid: 3af0348c5a8811a409ab53badf23e648, type: 3}
      propertyPath: m_LocalPosition.x
      value: 0
      objectReference: {fileID: 0}
    - target: {fileID: 998404577591484229, guid: 3af0348c5a8811a409ab53badf23e648, type: 3}
      propertyPath: m_LocalPosition.y
      value: 0
      objectReference: {fileID: 0}
    - target: {fileID: 998404577591484229, guid: 3af0348c5a8811a409ab53badf23e648, type: 3}
      propertyPath: m_LocalPosition.z
      value: 0
      objectReference: {fileID: 0}
    - target: {fileID: 998404577591484229, guid: 3af0348c5a8811a409ab53badf23e648, type: 3}
      propertyPath: m_LocalRotation.w
      value: 1
      objectReference: {fileID: 0}
    - target: {fileID: 998404577591484229, guid: 3af0348c5a8811a409ab53badf23e648, type: 3}
      propertyPath: m_LocalRotation.x
      value: 0
      objectReference: {fileID: 0}
    - target: {fileID: 998404577591484229, guid: 3af0348c5a8811a409ab53badf23e648, type: 3}
      propertyPath: m_LocalRotation.y
      value: 0
      objectReference: {fileID: 0}
    - target: {fileID: 998404577591484229, guid: 3af0348c5a8811a409ab53badf23e648, type: 3}
      propertyPath: m_LocalRotation.z
      value: 0
      objectReference: {fileID: 0}
    - target: {fileID: 998404577591484229, guid: 3af0348c5a8811a409ab53badf23e648, type: 3}
      propertyPath: m_LocalEulerAnglesHint.x
      value: 0
      objectReference: {fileID: 0}
    - target: {fileID: 998404577591484229, guid: 3af0348c5a8811a409ab53badf23e648, type: 3}
      propertyPath: m_LocalEulerAnglesHint.y
      value: 0
      objectReference: {fileID: 0}
    - target: {fileID: 998404577591484229, guid: 3af0348c5a8811a409ab53badf23e648, type: 3}
      propertyPath: m_LocalEulerAnglesHint.z
      value: 0
      objectReference: {fileID: 0}
    - target: {fileID: 3753458757115147708, guid: 3af0348c5a8811a409ab53badf23e648, type: 3}
      propertyPath: m_Enabled
      value: 0
      objectReference: {fileID: 0}
    - target: {fileID: 6543867888271401718, guid: 3af0348c5a8811a409ab53badf23e648, type: 3}
      propertyPath: m_Name
      value: PlayerBox
      objectReference: {fileID: 0}
    - target: {fileID: 6543867888271401718, guid: 3af0348c5a8811a409ab53badf23e648, type: 3}
      propertyPath: m_Layer
      value: 9
      objectReference: {fileID: 0}
    - target: {fileID: 6543867888271401718, guid: 3af0348c5a8811a409ab53badf23e648, type: 3}
      propertyPath: m_IsActive
      value: 0
      objectReference: {fileID: 0}
    - target: {fileID: 6543867888271401718, guid: 3af0348c5a8811a409ab53badf23e648, type: 3}
      propertyPath: m_TagString
      value: Ball
      objectReference: {fileID: 0}
    m_RemovedComponents: []
    m_RemovedGameObjects: []
    m_AddedGameObjects: []
    m_AddedComponents:
    - targetCorrespondingSourceObject: {fileID: 6543867888271401718, guid: 3af0348c5a8811a409ab53badf23e648, type: 3}
      insertIndex: -1
      addedObject: {fileID: 6116135683216125114}
  m_SourcePrefab: {fileID: 100100000, guid: 3af0348c5a8811a409ab53badf23e648, type: 3}
--- !u!1 &1124220325785569332 stripped
GameObject:
  m_CorrespondingSourceObject: {fileID: 6543867888271401718, guid: 3af0348c5a8811a409ab53badf23e648, type: 3}
  m_PrefabInstance: {fileID: 6145853569543809730}
  m_PrefabAsset: {fileID: 0}
--- !u!50 &6116135683216125114
Rigidbody2D:
  serializedVersion: 4
  m_ObjectHideFlags: 0
  m_CorrespondingSourceObject: {fileID: 0}
  m_PrefabInstance: {fileID: 0}
  m_PrefabAsset: {fileID: 0}
  m_GameObject: {fileID: 1124220325785569332}
  m_BodyType: 0
  m_Simulated: 1
  m_UseFullKinematicContacts: 0
  m_UseAutoMass: 0
  m_Mass: 1
  m_LinearDrag: 0
  m_AngularDrag: 0.05
  m_GravityScale: 1
  m_Material: {fileID: 0}
  m_IncludeLayers:
    serializedVersion: 2
    m_Bits: 0
  m_ExcludeLayers:
    serializedVersion: 2
    m_Bits: 0
  m_Interpolate: 0
  m_SleepingMode: 1
  m_CollisionDetection: 0
  m_Constraints: 0
--- !u!4 &6382021707817776519 stripped
Transform:
  m_CorrespondingSourceObject: {fileID: 998404577591484229, guid: 3af0348c5a8811a409ab53badf23e648, type: 3}
  m_PrefabInstance: {fileID: 6145853569543809730}
  m_PrefabAsset: {fileID: 0}
--- !u!1001 &6861957992926228627
PrefabInstance:
  m_ObjectHideFlags: 0
  serializedVersion: 2
  m_Modification:
    serializedVersion: 3
    m_TransformParent: {fileID: 8273999227938199665}
    m_Modifications:
    - target: {fileID: 5862613817031353211, guid: 4d9a3b35b3bc07649b697df7fb497b6d, type: 3}
      propertyPath: m_LocalPosition.x
      value: 0
      objectReference: {fileID: 0}
    - target: {fileID: 5862613817031353211, guid: 4d9a3b35b3bc07649b697df7fb497b6d, type: 3}
      propertyPath: m_LocalPosition.y
      value: -0.9
      objectReference: {fileID: 0}
    - target: {fileID: 5862613817031353211, guid: 4d9a3b35b3bc07649b697df7fb497b6d, type: 3}
      propertyPath: m_LocalPosition.z
      value: 0
      objectReference: {fileID: 0}
    - target: {fileID: 5862613817031353211, guid: 4d9a3b35b3bc07649b697df7fb497b6d, type: 3}
      propertyPath: m_LocalRotation.w
      value: 1
      objectReference: {fileID: 0}
    - target: {fileID: 5862613817031353211, guid: 4d9a3b35b3bc07649b697df7fb497b6d, type: 3}
      propertyPath: m_LocalRotation.x
      value: 0
      objectReference: {fileID: 0}
    - target: {fileID: 5862613817031353211, guid: 4d9a3b35b3bc07649b697df7fb497b6d, type: 3}
      propertyPath: m_LocalRotation.y
      value: 0
      objectReference: {fileID: 0}
    - target: {fileID: 5862613817031353211, guid: 4d9a3b35b3bc07649b697df7fb497b6d, type: 3}
      propertyPath: m_LocalRotation.z
      value: 0
      objectReference: {fileID: 0}
    - target: {fileID: 5862613817031353211, guid: 4d9a3b35b3bc07649b697df7fb497b6d, type: 3}
      propertyPath: m_LocalEulerAnglesHint.x
      value: 0
      objectReference: {fileID: 0}
    - target: {fileID: 5862613817031353211, guid: 4d9a3b35b3bc07649b697df7fb497b6d, type: 3}
      propertyPath: m_LocalEulerAnglesHint.y
      value: 0
      objectReference: {fileID: 0}
    - target: {fileID: 5862613817031353211, guid: 4d9a3b35b3bc07649b697df7fb497b6d, type: 3}
      propertyPath: m_LocalEulerAnglesHint.z
      value: 0
      objectReference: {fileID: 0}
    - target: {fileID: 6469354921825657977, guid: 4d9a3b35b3bc07649b697df7fb497b6d, type: 3}
      propertyPath: moveWithTransform
      value: 1
      objectReference: {fileID: 0}
    - target: {fileID: 7131401307255788800, guid: 4d9a3b35b3bc07649b697df7fb497b6d, type: 3}
      propertyPath: m_Name
      value: Lightning aura
      objectReference: {fileID: 0}
    m_RemovedComponents: []
    m_RemovedGameObjects: []
    m_AddedGameObjects: []
    m_AddedComponents: []
  m_SourcePrefab: {fileID: 100100000, guid: 4d9a3b35b3bc07649b697df7fb497b6d, type: 3}
--- !u!4 &1037695180242047976 stripped
Transform:
  m_CorrespondingSourceObject: {fileID: 5862613817031353211, guid: 4d9a3b35b3bc07649b697df7fb497b6d, type: 3}
  m_PrefabInstance: {fileID: 6861957992926228627}
  m_PrefabAsset: {fileID: 0}
